<?xml version="1.0" encoding="UTF-8"?><collection xmlns="http://www.loc.gov/MARC21/slim"><record><leader>00386nam--2200145-i-4500</leader><controlfield tag="001">000047377</controlfield><controlfield tag="002">20161230</controlfield><controlfield tag="005">20161230201046</controlfield><controlfield tag="008">060222s1000------------r-----000-0-eng-d</controlfield><datafield ind1=" " ind2=" " tag="080"><subfield code="a">517.443</subfield></datafield><datafield ind1=" " ind2=" " tag="100"><subfield code="a">Wiener,Norbrt</subfield></datafield><datafield ind1=" " ind2=" " tag="245"><subfield code="a">The fourier integral and certain of its appl</subfield></datafield><datafield ind1=" " ind2=" " tag="260"><subfield code="a">New York, Dover Publ.Inc.,1958. 201 P</subfield></datafield><datafield ind1=" " ind2=" " tag="852"><subfield code="a">79529</subfield><subfield code="c">517.43</subfield></datafield><datafield ind1=" " ind2=" " tag="CAT"><subfield code="a">Sys</subfield><subfield code="c">20080724</subfield><subfield code="h">121941</subfield></datafield></record></collection>